<collection xmlns="http://www.loc.gov/MARC21/slim">
<record>
  <leader>00334na 0a22001211i 450 </leader>
  <controlfield tag="001">IT\ICCU\CNCE\055219</controlfield>
  <controlfield tag="005">20070704000000.0</controlfield>
  <datafield tag="100" ind1=" " ind2=" ">
    <subfield code="a">20040109             0itac0103    ba</subfield>
  </datafield>
  <datafield tag="101" ind1=" " ind2=" ">
    <subfield code="a">GRC</subfield>
  </datafield>
  <datafield tag="200" ind1="1" ind2=" ">
    <subfield code="a">Phalaridis Epistolae</subfield>
  </datafield>
  <datafield tag="702" ind1=" " ind2="0">
    <subfield code="a">Phalaris</subfield>
    <subfield code="3">IT\ICCU\CNCA\007770</subfield>
  </datafield>
  <datafield tag="790" ind1=" " ind2="0">
    <subfield code="a">Falaride</subfield>
    <subfield code="3">IT\ICCU\CNCA\022790</subfield>
    <subfield code="z">Phalaris</subfield>
  </datafield>
  <datafield tag="801" ind1=" " ind2="3">
    <subfield code="a">IT</subfield>
    <subfield code="b">ICCU</subfield>
    <subfield code="c">20201115</subfield>
  </datafield>
</record>
</collection>
